@misc{Gautam:2019,
  author       = {{Gautam, Manohar}},
  howpublished = {\url{https://github.com/gcman/gcman.github.io/blob/master/simplex-sphere/index.html}},
  note         = {Published online},
  title        = {{Inspheres and Circumspheres of Simplices}},
  year         = {2019}}

@misc{wiki:cayley-menger-determinant,
    author = "{Wikipedia contributors}",
    title = "Cayleyâ€“Menger determinant --- {Wikipedia}{,} The Free Encyclopedia",
    year = "2022",
    url = "https://en.wikipedia.org/w/index.php?title=Cayley%E2%80%93Menger_determinant&oldid=1091432020",
    note = "[Online; accessed 6-June-2022]"}

@misc{Westendorp:2013,
  author       = {G., Westendorp},
  howpublished = {\url{https://westy31.home.xs4all.nl/Circumsphere/ncircumsphere.htm}},
  month        = apr,
  note         = {{Accessed 08 Aug 2021}},
  title        = {A formula for the N-circumsphere of an N-simplex},
  year         = {2013}}

@article{Coxeter:1930,
  author    = {H. S. M. Coxeter},
  journal   = {The Mathematical Gazette},
  title     = {The Circumradius of the General Simplex},
  year      = {1930},
  month     = {dec},
  number    = {210},
  pages     = {229--231},
  volume    = {15},
  doi       = {10.2307/3607191},
  publisher = {Cambridge University Press ({CUP})}}

@misc{wiki:lu-decomposition,
    author = "{Wikipedia contributors}",
    title = "LU decomposition --- {Wikipedia}{,} The Free Encyclopedia",
    year = "2022",
    url = "https://en.wikipedia.org/w/index.php?title=LU_decomposition&oldid=1088731198",
    note = "[Online; accessed 6-June-2022]"}

@article{Bunch:1976,
  author    = {James R. Bunch and Linda Kaufman and Beresford N. Parlett},
  journal   = {Numerische Mathematik},
  title     = {Decomposition of a symmetric matrix},
  year      = {1976},
  month     = {mar},
  number    = {1},
  pages     = {95--109},
  volume    = {27},
  doi       = {10.1007/bf01399088},
  publisher = {Springer Science and Business Media {LLC}}}

@misc{github:simplex-circumsphere,
author = {Thomas, Houllier},
title = {simplex-circumsphere},
url = "https://github.com/thomashoullier/simplex-circumsphere",
year = {2021},
publisher = {GitHub}}
